@article{DBLP:journals/corr/SimperlerW15,
  author    = {Alexandra Simperler and
               Greg Wilson},
  title     = {Software Carpentry get more done in less time},
  journal   = {CoRR},
  volume    = {abs/1506.02575},
  year      = {2015},
  url       = {http://arxiv.org/abs/1506.02575},
  archivePrefix = {arXiv},
  eprint    = {1506.02575},
  timestamp = {Mon, 13 Aug 2018 16:48:10 +0200},
  biburl    = {https://dblp.org/rec/bib/journals/corr/SimperlerW15},
  bibsource = {dblp computer science bibliography, https://dblp.org}
}

@article{10.1371/journal.pbio.1001745,
    author = {Wilson, Greg AND Aruliah, D. A. AND Brown, C. Titus AND Chue Hong, Neil P. AND Davis, Matt AND Guy, Richard T. AND Haddock, Steven H. D. AND Huff, Kathryn D. AND Mitchell, Ian M. AND Plumbley, Mark D. AND Waugh, Ben AND White, Ethan P. AND Wilson, Paul},
    journal = {PLOS Biology},
    publisher = {Public Library of Science},
    title = {Best Practices for Scientific Computing},
    year = {2014},
    month = {01},
    volume = {12},
    url = {https://doi.org/10.1371/journal.pbio.1001745},
    pages = {1-7},
    abstract = {We describe a set of best practices for scientific software development, based on research and experience, that will improve scientists' productivity and the reliability of their software.},
    number = {1},
    doi = {10.1371/journal.pbio.1001745}
}