@book{Kopka2003,
author = {Helmut Kopka and Patrick W. Daly},
year = {2003},
title = {Guide to {LaTeX}},
edition = {4th edition},
publisher = {Addison-Wesley}
}
